%% Bibliography.

@article{Nakatsukasa2022,
  author = {Nakatsukasa, Y. and Tropp, J.},
  title  = {Fast and Accurate Randomized Algorithms for Linear Systems and Eigenvalue Problems},
  year   = {2022},
  doi    = {https://doi.org/10.48550/arXiv.2111.00113}
}